<record><leader>00000nas a2200000 i 4500</leader><controlfield tag="001">893980169</controlfield><controlfield tag="006">m     o  d        </controlfield><controlfield tag="007">cr |||||||||||</controlfield><controlfield tag="008">141029d19051922nmuwr neo     0   a0spa  </controlfield><datafield ind1=" " ind2=" " tag="010"><subfield code="a">  2014218718</subfield></datafield><datafield ind1=" " ind2=" " tag="040"><subfield code="a">DLC</subfield><subfield code="b">eng</subfield><subfield code="e">rda</subfield><subfield code="c">DLC</subfield></datafield><datafield ind1="0" ind2=" " tag="022"><subfield code="a">2375-7418</subfield><subfield code="2">1</subfield></datafield><datafield ind1=" " ind2=" " tag="042"><subfield code="a">pcc</subfield><subfield code="a">nsdp</subfield></datafield><datafield ind1=" " ind2=" " tag="043"><subfield code="a">n-us-nm</subfield></datafield><datafield ind1="1" ind2="0" tag="050"><subfield code="a">ISSN RECORD</subfield></datafield><datafield ind1="0" ind2="0" tag="082"><subfield code="a">071</subfield><subfield code="2">23</subfield></datafield><datafield ind1="0" ind2=" " tag="130"><subfield code="a">Revista de Taos (1905)</subfield></datafield><datafield ind1=" " ind2="3" tag="222"><subfield code="a">La revista de Taos</subfield><subfield code="b">(1905. Online)</subfield></datafield><datafield ind1="1" ind2="3" tag="245"><subfield code="a">La revista de Taos.</subfield></datafield><datafield ind1=" " ind2="1" tag="264"><subfield code="a">Taos, Nuevo Mexico :</subfield><subfield code="b">Jose Montaner,</subfield><subfield code="c">1905-1922.</subfield></datafield><datafield ind1=" " ind2=" " tag="300"><subfield code="a">1 online resource</subfield></datafield><datafield ind1=" " ind2=" " tag="310"><subfield code="a">Weekly</subfield></datafield><datafield ind1=" " ind2=" " tag="336"><subfield code="a">text</subfield><subfield code="b">txt</subfield><subfield code="2">rdacontent</subfield></datafield><datafield ind1=" " ind2=" " tag="337"><subfield code="a">computer</subfield><subfield code="b">c</subfield><subfield code="2">rdamedia</subfield></datafield><datafield ind1=" " ind2=" " tag="338"><subfield code="a">online resource</subfield><subfield code="b">cr</subfield><subfield code="2">rdacarrier</subfield></datafield><datafield ind1="1" ind2=" " tag="362"><subfield code="a">Began with an&#771;o IV, no. 45 (11 de noviembre de 1905); ceased with an&#771;o XXI, no. 40 (6 de octubre de 1922).</subfield></datafield><datafield ind1=" " ind2=" " tag="500"><subfield code="a">Publisher: Taos Printing &amp; Publishing Company, &lt;October 6, 1922&gt;.</subfield></datafield><datafield ind1=" " ind2=" " tag="546"><subfield code="a">In Spanish with some text in English.</subfield></datafield><datafield ind1=" " ind2=" " tag="588"><subfield code="a">Description based on: An&#771;o IV, no. 45 (11 de noviembre de 1905); title from masthead (Chroniclingamerica.loc.gov, viewed October 29, 2014).</subfield></datafield><datafield ind1=" " ind2=" " tag="588"><subfield code="a">Latest issue consulted: An&#771;o XXI, no. 40 (6 de octubre de 1922) (Chroniclingamerica.loc.gov, viewed October 29, 2014).</subfield></datafield><datafield ind1=" " ind2="0" tag="651"><subfield code="a">Taos (N.M.)</subfield><subfield code="v">Newspapers.</subfield></datafield><datafield ind1=" " ind2="0" tag="651"><subfield code="a">Taos County (N.M.)</subfield><subfield code="v">Newspapers.</subfield></datafield><datafield ind1=" " ind2="0" tag="650"><subfield code="a">Hispanic Americans</subfield><subfield code="z">New Mexico</subfield><subfield code="v">Newspapers.</subfield></datafield><datafield ind1=" " ind2="7" tag="650"><subfield code="a">Hispanic Americans.</subfield><subfield code="2">fast</subfield><subfield code="0">(OCoLC)fst00957523</subfield></datafield><datafield ind1=" " ind2="7" tag="651"><subfield code="a">New Mexico.</subfield><subfield code="2">fast</subfield><subfield code="0">(OCoLC)fst01204269</subfield></datafield><datafield ind1=" " ind2="7" tag="651"><subfield code="a">New Mexico</subfield><subfield code="z">Taos.</subfield><subfield code="2">fast</subfield><subfield code="0">(OCoLC)fst01208684</subfield></datafield><datafield ind1=" " ind2="7" tag="651"><subfield code="a">New Mexico</subfield><subfield code="z">Taos County.</subfield><subfield code="2">fast</subfield><subfield code="0">(OCoLC)fst01221052</subfield></datafield><datafield ind1=" " ind2="7" tag="655"><subfield code="a">Newspapers.</subfield><subfield code="2">fast</subfield><subfield code="0">(OCoLC)fst01423814</subfield></datafield><datafield ind1=" " ind2=" " tag="752"><subfield code="a">United States</subfield><subfield code="b">New Mexico</subfield><subfield code="c">Taos</subfield><subfield code="d">Taos.</subfield></datafield><datafield ind1="0" ind2="8" tag="776"><subfield code="i">Originally issued in print:</subfield><subfield code="t">Revista de Taos</subfield><subfield code="x">2375-740X</subfield><subfield code="w">(DLC)sn 83045398</subfield><subfield code="w">(OCoLC)9449309</subfield></datafield><datafield ind1="0" ind2="0" tag="780"><subfield code="t">Revista de Taos and the Taos cresset (1905)</subfield></datafield><datafield ind1="0" ind2="0" tag="785"><subfield code="t">Revista popular de Nuevo Me&#769;xico</subfield></datafield><datafield ind1="4" ind2="0" tag="856"><subfield code="u">http://www.loc.gov/chroniclingamerica/lccn/sn83045398/issues</subfield></datafield></record>